<record xmlns="http://www.loc.gov/MARC21/slim" xmlns:xsi="http://www.w3.org/2001/XMLSchema-instance" xsi:schemaLocation="http://www.loc.gov/MARC21/slim http://www.loc.gov/standards/marcxml/schema/MARC21slim.xsd"><leader>01825cz   2200433n  4500</leader><controlfield tag="001">oca00265808 </controlfield><controlfield tag="003">OCoLC</controlfield><controlfield tag="005">20050610160713.0</controlfield><controlfield tag="008">790409n| acannaabn          |a aaa      </controlfield><datafield ind1=" " ind2=" " tag="010"><subfield code="a">n  79032166 </subfield></datafield><datafield ind1=" " ind2=" " tag="035"><subfield code="a">(OCoLC)oca00265808</subfield></datafield><datafield ind1=" " ind2=" " tag="040"><subfield code="a">DLC</subfield><subfield code="b">eng</subfield><subfield code="c">DLC</subfield><subfield code="d">DLC</subfield><subfield code="d">DLC</subfield><subfield code="d">ICU</subfield><subfield code="d">CoU</subfield><subfield code="d">DLC-R</subfield><subfield code="d">DLC</subfield><subfield code="d">UPB</subfield><subfield code="d">DLC</subfield><subfield code="d">NjP</subfield><subfield code="d">DLC</subfield><subfield code="d">OCoLC</subfield><subfield code="d">DLC</subfield></datafield><datafield ind1="1" ind2=" " tag="100"><subfield code="a">Cicero, Marcus Tullius</subfield></datafield><datafield ind1="1" ind2=" " tag="400"><subfield code="a">Tï¸&#160;Sï¸¡itï¸&#160;sï¸¡eron, Mark TulliiÌ&#x86;</subfield></datafield><datafield ind1="0" ind2=" " tag="400"><subfield code="a">Cyceron</subfield></datafield><datafield ind1="0" ind2=" " tag="400"><subfield code="a">CiceÌ&#x81;ron</subfield></datafield><datafield ind1="0" ind2=" " tag="400"><subfield code="a">KikeroÌ&#x84;n</subfield></datafield><datafield ind1="1" ind2=" " tag="400"><subfield code="a">CiceroÌ&#x81;n, M. Tulio</subfield></datafield><datafield ind1="0" ind2=" " tag="400"><subfield code="a">KÌ£ikÌ£ero</subfield></datafield><datafield ind1="0" ind2=" " tag="400"><subfield code="a">Cicerone</subfield></datafield><datafield ind1="1" ind2=" " tag="400"><subfield code="a">CiceroÌ&#x81;n, Marco Tulio</subfield></datafield><datafield ind1="1" ind2=" " tag="400"><subfield code="a">KÌ£ikÌ£ero, MarkÌ£us TÌ£ulyus</subfield></datafield><datafield ind1="1" ind2=" " tag="400"><subfield code="a">Tullius Cicero, Marcus</subfield></datafield><datafield ind1="1" ind2=" " tag="400"><subfield code="a">KikeroÌ&#x84;n, M. T.</subfield></datafield><datafield ind1="1" ind2=" " tag="400"><subfield code="a">Cicerone, M. T.</subfield></datafield><datafield ind1="1" ind2=" " tag="400"><subfield code="a">Cicerone, M. Tullio</subfield></datafield><datafield ind1="0" ind2=" " tag="400"><subfield code="a">Cicero</subfield></datafield><datafield ind1=" " ind2=" " tag="670"><subfield code="a">Willrich, H. Cicero und Caesar, 1944.</subfield></datafield><datafield ind1=" " ind2=" " tag="670"><subfield code="a">Wooten, C.W. Cicero's Philippics and their Demosthenic model, c1983:</subfield><subfield code="b">t.p. (Cicero)</subfield></datafield><datafield ind1=" " ind2=" " tag="670"><subfield code="a">His Defensa de L. Murena ; Defensa de P. Sila, 1982:</subfield><subfield code="b">t.p. (M. Tulio CiceroÌ&#x81;n)</subfield></datafield><datafield ind1=" " ind2=" " tag="670"><subfield code="a">Spiegel, N. KÌ£ikÌ£ero, 1981:</subfield><subfield code="b">t.p. (KÌ£ikÌ£ero)</subfield></datafield><datafield ind1=" " ind2=" " tag="670"><subfield code="a">His On duties, 1991:</subfield><subfield code="b">t.p. (Cicero) p. xxix, etc. (b. 106 B.C.; d. 43 B.C.)</subfield></datafield><datafield ind1=" " ind2=" " tag="670"><subfield code="a">Magnaldi, G. L'oikeioÌ&#x84;sis peripatetica in Ario Didimo ... 1991:</subfield><subfield code="b">t.p. (Cicerone)</subfield></datafield><datafield ind1=" " ind2=" " tag="670"><subfield code="a">His El orador, 1992:</subfield><subfield code="b">t.p. (Marco Tulio CiceroÌ&#x81;n)</subfield></datafield><datafield ind1=" " ind2=" " tag="670"><subfield code="a">Ê»Al tÌ£evaÊ» ha-elim, 1992:</subfield><subfield code="b">t.p. (MarkÌ£us TÌ£ulyus KÌ£ikÌ£ero) t.p. verso (Marcus Tullius Cicero [in rom.])</subfield></datafield><datafield ind1=" " ind2=" " tag="670"><subfield code="a">Oxford classical dict., 1996:</subfield><subfield code="b">p. 1558 (Tullius Cicero, Marcus)</subfield></datafield><datafield ind1=" " ind2=" " tag="670"><subfield code="a">Archaia Hell. mousikeÌ&#x84; &amp; stichourgia. Mer. tetarto, 1963:</subfield><subfield code="b">t.p. (ho M.T. KikeroÌ&#x84;n)</subfield></datafield><datafield ind1=" " ind2=" " tag="670"><subfield code="a">De inventione, 1998:</subfield><subfield code="b">t.p. (M. T. Cicerone)</subfield></datafield><datafield ind1=" " ind2=" " tag="670"><subfield code="a">De officiis. Libro 2, c1994:</subfield><subfield code="b">t.p. (M. Tullio Cicerone)</subfield></datafield></record>